<record><leader>00000cas a22000007a 4500</leader><controlfield tag="001">10317172</controlfield><controlfield tag="008">840119d18161818pauwr ne      0    0eng d</controlfield><datafield ind1=" " ind2=" " tag="010"><subfield code="a">sn 84026110 </subfield></datafield><datafield ind1=" " ind2=" " tag="040"><subfield code="a">NPU</subfield><subfield code="b">eng</subfield><subfield code="c">NPU</subfield><subfield code="d">NPX</subfield><subfield code="d">NPH</subfield><subfield code="d">OCLCQ</subfield></datafield><datafield ind1=" " ind2=" " tag="042"><subfield code="a">msc</subfield></datafield><datafield ind1="0" ind2=" " tag="130"><subfield code="a">Centinel (Montrose, Pa.)</subfield></datafield><datafield ind1="1" ind2="0" tag="245"><subfield code="a">Centinel.</subfield></datafield><datafield ind1="3" ind2="0" tag="246"><subfield code="a">Sentinel</subfield></datafield><datafield ind1="3" ind2="0" tag="246"><subfield code="a">Susquehanna centinel</subfield></datafield><datafield ind1="3" ind2="0" tag="246"><subfield code="a">Susquehanna sentinel</subfield></datafield><datafield ind1=" " ind2=" " tag="260"><subfield code="a">Montrose, Pa. :</subfield><subfield code="b">Justin Clark,</subfield><subfield code="c">1816-1818.</subfield></datafield><datafield ind1=" " ind2=" " tag="300"><subfield code="a">3 volumes ;</subfield><subfield code="c">51 cm</subfield></datafield><datafield ind1=" " ind2=" " tag="310"><subfield code="a">Weekly</subfield></datafield><datafield ind1=" " ind2=" " tag="336"><subfield code="a">text</subfield><subfield code="b">txt</subfield><subfield code="2">rdacontent</subfield></datafield><datafield ind1=" " ind2=" " tag="337"><subfield code="a">unmediated</subfield><subfield code="b">n</subfield><subfield code="2">rdamedia</subfield></datafield><datafield ind1=" " ind2=" " tag="338"><subfield code="a">volume</subfield><subfield code="b">nc</subfield><subfield code="2">rdacarrier</subfield></datafield><datafield ind1="0" ind2=" " tag="362"><subfield code="a">Vol. 1, no. 1 (Feb. 20, 1816)-v. 3, no. 12 (May 9, 1818).</subfield></datafield><datafield ind1=" " ind2=" " tag="500"><subfield code="a">"The Susquehanna" appears above title ornament in small type.</subfield></datafield><datafield ind1="4" ind2=" " tag="510"><subfield code="a">Shaw &amp; Shoemaker</subfield><subfield code="c">39037</subfield></datafield><datafield ind1="4" ind2=" " tag="510"><subfield code="a">Brigham, C.S. Amer. newspapers,</subfield><subfield code="c">p. 881</subfield></datafield><datafield ind1="1" ind2=" " tag="700"><subfield code="a">Clark, Justin,</subfield><subfield code="d">-1822.</subfield></datafield><datafield ind1=" " ind2=" " tag="752"><subfield code="a">United States</subfield><subfield code="b">Pennsylvania</subfield><subfield code="c">Susquehanna</subfield><subfield code="d">Montrose.</subfield></datafield><datafield ind1="0" ind2="0" tag="785"><subfield code="t">Montrose gazette</subfield><subfield code="w">(DLC)sn 84026109</subfield></datafield><datafield ind1="1" ind2=" " tag="029"><subfield code="a">AU@</subfield><subfield code="b">000025840395</subfield></datafield></record>